<record xmlns="http://www.loc.gov/MARC21/slim">
  <leader>08235cam a2201681Ia 4500</leader>
  <controlfield tag="001">6920670</controlfield>
  <controlfield tag="003">OCoLC</controlfield>
  <controlfield tag="005">20150327095133.0</controlfield>
  <controlfield tag="006">m        d s      </controlfield>
  <controlfield tag="007">co cg|||||||||</controlfield>
  <controlfield tag="008">080428s2006    abcab        s000 0 eng  </controlfield>
  <datafield tag="016" ind1=" " ind2=" ">
    <subfield code="a">20088016242</subfield>
  </datafield>
  <datafield tag="020" ind1=" " ind2=" ">
    <subfield code="a">0774126531 (module 1)</subfield>
  </datafield>
  <datafield tag="020" ind1=" " ind2=" ">
    <subfield code="a">9780774126533 (module 1)</subfield>
  </datafield>
  <datafield tag="020" ind1=" " ind2=" ">
    <subfield code="a">077412654X (instructor&apos;s guide 1A)</subfield>
  </datafield>
  <datafield tag="020" ind1=" " ind2=" ">
    <subfield code="a">9780774126540 (instructor&apos;s guide 1A)</subfield>
  </datafield>
  <datafield tag="020" ind1=" " ind2=" ">
    <subfield code="a">0774126558 (instructor&apos;s guide 1B)</subfield>
  </datafield>
  <datafield tag="020" ind1=" " ind2=" ">
    <subfield code="a">9780774126557 (instructor&apos;s guide 1B)</subfield>
  </datafield>
  <datafield tag="020" ind1=" " ind2=" ">
    <subfield code="a">0774126604 (module 2)</subfield>
  </datafield>
  <datafield tag="020" ind1=" " ind2=" ">
    <subfield code="a">9780774126601 (module 2)</subfield>
  </datafield>
  <datafield tag="020" ind1=" " ind2=" ">
    <subfield code="a">0774126612 (instructor&apos;s guide 2A)</subfield>
  </datafield>
  <datafield tag="020" ind1=" " ind2=" ">
    <subfield code="a">9780774126618 (instructor&apos;s guide 2A)</subfield>
  </datafield>
  <datafield tag="020" ind1=" " ind2=" ">
    <subfield code="a">0774126620 (instructor&apos;s guide 2B)</subfield>
  </datafield>
  <datafield tag="020" ind1=" " ind2=" ">
    <subfield code="a">9780774126625 (instructor&apos;s guide 2B)</subfield>
  </datafield>
  <datafield tag="020" ind1=" " ind2=" ">
    <subfield code="a">0774126779 (module 3)</subfield>
  </datafield>
  <datafield tag="020" ind1=" " ind2=" ">
    <subfield code="a">9780774126779 (module 3)</subfield>
  </datafield>
  <datafield tag="020" ind1=" " ind2=" ">
    <subfield code="a">0774126787 (instructor&apos;s guide 3A)</subfield>
  </datafield>
  <datafield tag="020" ind1=" " ind2=" ">
    <subfield code="a">9780774126786 (instructor&apos;s guide 3A)</subfield>
  </datafield>
  <datafield tag="020" ind1=" " ind2=" ">
    <subfield code="a">0774126795 (instructor&apos;s guide 3B)</subfield>
  </datafield>
  <datafield tag="020" ind1=" " ind2=" ">
    <subfield code="a">9780774126793 (instructor&apos;s guide 3B)</subfield>
  </datafield>
  <datafield tag="020" ind1=" " ind2=" ">
    <subfield code="a">077412704X (module 4)</subfield>
  </datafield>
  <datafield tag="020" ind1=" " ind2=" ">
    <subfield code="a">9780774127042 (module 4)</subfield>
  </datafield>
  <datafield tag="020" ind1=" " ind2=" ">
    <subfield code="a">0774127058 (instructor&apos;s guide 4A)</subfield>
  </datafield>
  <datafield tag="020" ind1=" " ind2=" ">
    <subfield code="a">9780774127059 (instructor&apos;s guide 4A)</subfield>
  </datafield>
  <datafield tag="020" ind1=" " ind2=" ">
    <subfield code="a">0774127066 (instructor&apos;s guide 4B)</subfield>
  </datafield>
  <datafield tag="020" ind1=" " ind2=" ">
    <subfield code="a">9780774127066 (instructor&apos;s guide 4B)</subfield>
  </datafield>
  <datafield tag="020" ind1=" " ind2=" ">
    <subfield code="a">0774127465 (module 5)</subfield>
  </datafield>
  <datafield tag="020" ind1=" " ind2=" ">
    <subfield code="a">9780774127462 (module 5)</subfield>
  </datafield>
  <datafield tag="020" ind1=" " ind2=" ">
    <subfield code="a">0774127473 (instructor&apos;s guide 5A)</subfield>
  </datafield>
  <datafield tag="020" ind1=" " ind2=" ">
    <subfield code="a">9780774127479 (instructor&apos;s guide 5A)</subfield>
  </datafield>
  <datafield tag="020" ind1=" " ind2=" ">
    <subfield code="a">0774127481 (instructor&apos;s guide 5B)</subfield>
  </datafield>
  <datafield tag="020" ind1=" " ind2=" ">
    <subfield code="a">9780774127486 (instructor&apos;s guide 5B)</subfield>
  </datafield>
  <datafield tag="020" ind1=" " ind2=" ">
    <subfield code="a">0774127686 (module 6)</subfield>
  </datafield>
  <datafield tag="020" ind1=" " ind2=" ">
    <subfield code="a">9780774127684 (module 6)</subfield>
  </datafield>
  <datafield tag="020" ind1=" " ind2=" ">
    <subfield code="a">0774127694 (instructor&apos;s guide 6A)</subfield>
  </datafield>
  <datafield tag="020" ind1=" " ind2=" ">
    <subfield code="a">9780774127691 (instructor&apos;s guide 6A)</subfield>
  </datafield>
  <datafield tag="020" ind1=" " ind2=" ">
    <subfield code="a">0774127708 (instructor&apos;s guide 6B)</subfield>
  </datafield>
  <datafield tag="020" ind1=" " ind2=" ">
    <subfield code="a">9780774127707 (instructor&apos;s guide 6B)</subfield>
  </datafield>
  <datafield tag="020" ind1=" " ind2=" ">
    <subfield code="a">0774128461 (module 7)</subfield>
  </datafield>
  <datafield tag="020" ind1=" " ind2=" ">
    <subfield code="a">9780774128469 (module 7)</subfield>
  </datafield>
  <datafield tag="020" ind1=" " ind2=" ">
    <subfield code="a">077412847X (instructor&apos;s guide 7A)</subfield>
  </datafield>
  <datafield tag="020" ind1=" " ind2=" ">
    <subfield code="a">9780774128476 (instructor&apos;s guide 7A)</subfield>
  </datafield>
  <datafield tag="020" ind1=" " ind2=" ">
    <subfield code="a">0774128488 (instructor&apos;s guide 7B)</subfield>
  </datafield>
  <datafield tag="020" ind1=" " ind2=" ">
    <subfield code="a">9780774128483 (instructor&apos;s guide 7B)</subfield>
  </datafield>
  <datafield tag="020" ind1=" " ind2=" ">
    <subfield code="a">0774128844 (module 8)</subfield>
  </datafield>
  <datafield tag="020" ind1=" " ind2=" ">
    <subfield code="a">9780774128841 (module 8)</subfield>
  </datafield>
  <datafield tag="020" ind1=" " ind2=" ">
    <subfield code="a">0774128852 (instructor&apos;s guide 8A)</subfield>
  </datafield>
  <datafield tag="020" ind1=" " ind2=" ">
    <subfield code="a">9780774128858 (instructor&apos;s guide 8A)</subfield>
  </datafield>
  <datafield tag="020" ind1=" " ind2=" ">
    <subfield code="a">0774128860 (instructor&apos;s guide 8B)</subfield>
  </datafield>
  <datafield tag="020" ind1=" " ind2=" ">
    <subfield code="a">9780774128865 (instructor&apos;s guide 8B)</subfield>
  </datafield>
  <datafield tag="020" ind1=" " ind2=" ">
    <subfield code="a">0774128879 (module 9)</subfield>
  </datafield>
  <datafield tag="020" ind1=" " ind2=" ">
    <subfield code="a">9780774128872 (module 9)</subfield>
  </datafield>
  <datafield tag="020" ind1=" " ind2=" ">
    <subfield code="a">0774128887 (instructor&apos;s guide 9A)</subfield>
  </datafield>
  <datafield tag="020" ind1=" " ind2=" ">
    <subfield code="a">9780774128889 (instructor&apos;s guide 9A)</subfield>
  </datafield>
  <datafield tag="020" ind1=" " ind2=" ">
    <subfield code="a">0774128895 (instructor&apos;s guide 9B)</subfield>
  </datafield>
  <datafield tag="020" ind1=" " ind2=" ">
    <subfield code="a">9780774128896 (instructor&apos;s guide 9B)</subfield>
  </datafield>
  <datafield tag="020" ind1=" " ind2=" ">
    <subfield code="a">0774126493 (CD-ROM)</subfield>
  </datafield>
  <datafield tag="020" ind1=" " ind2=" ">
    <subfield code="a">9780774126496 (CD-ROM)</subfield>
  </datafield>
  <datafield tag="035" ind1=" " ind2=" ">
    <subfield code="a">ocn228191804</subfield>
  </datafield>
  <datafield tag="040" ind1=" " ind2=" ">
    <subfield code="a">NLC</subfield>
    <subfield code="b">eng</subfield>
    <subfield code="c">NLC</subfield>
    <subfield code="d">OCLCO</subfield>
  </datafield>
  <datafield tag="043" ind1=" " ind2=" ">
    <subfield code="a">n-cn-ab</subfield>
  </datafield>
  <datafield tag="055" ind1=" " ind2="8">
    <subfield code="a">FC3659</subfield>
    <subfield code="b">.A43 2006</subfield>
    <subfield code="2">fcps</subfield>
  </datafield>
  <datafield tag="055" ind1="0" ind2="6">
    <subfield code="a">COP.AL.2.2008-92</subfield>
  </datafield>
  <datafield tag="082" ind1="1" ind2="4">
    <subfield code="a">372.83</subfield>
    <subfield code="2">14</subfield>
  </datafield>
  <datafield tag="090" ind1=" " ind2=" ">
    <subfield code="a">FC 3659 A43 2006</subfield>
    <subfield code="b">AEU</subfield>
  </datafield>
  <datafield tag="245" ind1="0" ind2="0">
    <subfield code="a">Alberta :</subfield>
    <subfield code="b">the land, histories, and stories : grade 4 social studies /</subfield>
    <subfield code="c">Alberta Education.</subfield>
  </datafield>
  <datafield tag="246" ind1="3" ind2="0">
    <subfield code="a">Grade 4 social studies</subfield>
  </datafield>
  <datafield tag="260" ind1=" " ind2=" ">
    <subfield code="a">Edmonton :</subfield>
    <subfield code="b">Alberta Education,</subfield>
    <subfield code="c">c2006.</subfield>
  </datafield>
  <datafield tag="300" ind1=" " ind2=" ">
    <subfield code="a">9 v. :</subfield>
    <subfield code="b">col. ill., col. maps ;</subfield>
    <subfield code="c">28 cm +</subfield>
    <subfield code="e">10 instructor&apos;s guide, 10 booklets, 2 CD-ROMs.</subfield>
  </datafield>
  <datafield tag="505" ind1="1" ind2=" ">
    <subfield code="a">Module 1. Grasslands: sacred circles and square forts, 2 instructor&apos;s guide, 2 booklets, 1 CD-ROM -- Module 2. Grasslands: fossil hunters and horseback adventurers, 2 instructor&apos;s guide, 2 booklets -- Module 3. Foothills: from travois to fifth wheelers, 2 instructor&apos;s guide, 2 booklets -- Module 4. Rocky mountains: memories and maps, 2 instructor&apos;s guide, 2 booklets -- Module 5. Boreal forest: trappers, traders, and homesteaders, 2 instructor&apos;s guide, 2 booklets -- Module 6. Forest and shields: stories of two forts, 2 booklets -- Module 7. Parkland: many voices, many songs, 2 booklets -- Module 8. Parkland: songs of soil in urban spaces, 2 booklets -- Module 9. Our voices: our ways, 2 booklets -- CD-ROM, teacher&apos;s guide.</subfield>
  </datafield>
  <datafield tag="530" ind1=" " ind2=" ">
    <subfield code="a">Available also on the Internet.</subfield>
  </datafield>
  <datafield tag="590" ind1=" " ind2=" ">
    <subfield code="a">Approved for use in Alberta schools.</subfield>
  </datafield>
  <datafield tag="596" ind1=" " ind2=" ">
    <subfield code="a">38</subfield>
  </datafield>
  <datafield tag="650" ind1=" " ind2="0">
    <subfield code="a">Social sciences</subfield>
    <subfield code="v">Programmed instruction.</subfield>
  </datafield>
  <datafield tag="651" ind1=" " ind2="0">
    <subfield code="a">Alberta</subfield>
    <subfield code="v">Programmed instruction.</subfield>
  </datafield>
  <datafield tag="651" ind1=" " ind2="0">
    <subfield code="a">Alberta</subfield>
    <subfield code="x">History</subfield>
    <subfield code="v">Programmed instruction.</subfield>
  </datafield>
  <datafield tag="710" ind1="1" ind2=" ">
    <subfield code="a">Alberta.</subfield>
    <subfield code="b">Alberta Education.</subfield>
  </datafield>
  <datafield tag="710" ind1="1" ind2=" ">
    <subfield code="a">Alberta.</subfield>
    <subfield code="b">Alberta Education.</subfield>
    <subfield code="b">Learning Technologies Branch.</subfield>
  </datafield>
  <datafield tag="949" ind1=" " ind2=" ">
    <subfield code="a">FC 3659 A43 2006</subfield>
    <subfield code="v">bklt.1A</subfield>
    <subfield code="h">UABA-B</subfield>
    <subfield code="i">0162034229573</subfield>
  </datafield>
  <datafield tag="949" ind1=" " ind2=" ">
    <subfield code="a">FC 3659 A43 2006</subfield>
    <subfield code="v">CD-ROM tch.gd.</subfield>
    <subfield code="h">UABA-B</subfield>
    <subfield code="i">0162034503662</subfield>
  </datafield>
  <datafield tag="949" ind1=" " ind2=" ">
    <subfield code="a">FC 3659 A43 2006</subfield>
    <subfield code="v">mod.1</subfield>
    <subfield code="h">UABA-B</subfield>
    <subfield code="i">0162034229508</subfield>
  </datafield>
  <datafield tag="949" ind1=" " ind2=" ">
    <subfield code="a">FC 3659 A43 2006</subfield>
    <subfield code="v">bklt.1B</subfield>
    <subfield code="h">UABA-B</subfield>
    <subfield code="i">0162034229441</subfield>
  </datafield>
  <datafield tag="949" ind1=" " ind2=" ">
    <subfield code="a">FC 3659 A43 2006</subfield>
    <subfield code="v">mod.2</subfield>
    <subfield code="h">UABA-B</subfield>
    <subfield code="i">0162034229458</subfield>
  </datafield>
  <datafield tag="949" ind1=" " ind2=" ">
    <subfield code="a">FC 3659 A43 2006</subfield>
    <subfield code="v">bklt.2A</subfield>
    <subfield code="h">UABA-B</subfield>
    <subfield code="i">0162034229516</subfield>
  </datafield>
  <datafield tag="949" ind1=" " ind2=" ">
    <subfield code="a">FC 3659 A43 2006</subfield>
    <subfield code="v">bklt.5A</subfield>
    <subfield code="h">UABA-B</subfield>
    <subfield code="i">0162034486306</subfield>
  </datafield>
  <datafield tag="949" ind1=" " ind2=" ">
    <subfield code="a">FC 3659 A43 2006</subfield>
    <subfield code="v">mod.8</subfield>
    <subfield code="h">UABA-B</subfield>
    <subfield code="i">0162034503605</subfield>
  </datafield>
  <datafield tag="949" ind1=" " ind2=" ">
    <subfield code="a">FC 3659 A43 2006</subfield>
    <subfield code="v">bklt.9B</subfield>
    <subfield code="h">UABA-B</subfield>
    <subfield code="i">0162034503084</subfield>
  </datafield>
  <datafield tag="949" ind1=" " ind2=" ">
    <subfield code="a">FC 3659 A43 2006</subfield>
    <subfield code="v">bklt.2B</subfield>
    <subfield code="h">UABA-B</subfield>
    <subfield code="i">0162034486439</subfield>
  </datafield>
  <datafield tag="949" ind1=" " ind2=" ">
    <subfield code="a">FC 3659 A43 2006</subfield>
    <subfield code="v">mod.3</subfield>
    <subfield code="h">UABA-B</subfield>
    <subfield code="i">0162034486371</subfield>
  </datafield>
  <datafield tag="949" ind1=" " ind2=" ">
    <subfield code="a">FC 3659 A43 2006</subfield>
    <subfield code="v">bklt.3A</subfield>
    <subfield code="h">UABA-B</subfield>
    <subfield code="i">0162034486363</subfield>
  </datafield>
  <datafield tag="949" ind1=" " ind2=" ">
    <subfield code="a">FC 3659 A43 2006</subfield>
    <subfield code="v">bklt.3B</subfield>
    <subfield code="h">UABA-B</subfield>
    <subfield code="i">0162034486355</subfield>
  </datafield>
  <datafield tag="949" ind1=" " ind2=" ">
    <subfield code="a">FC 3659 A43 2006</subfield>
    <subfield code="v">mod.4</subfield>
    <subfield code="h">UABA-B</subfield>
    <subfield code="i">0162034486256</subfield>
  </datafield>
  <datafield tag="949" ind1=" " ind2=" ">
    <subfield code="a">FC 3659 A43 2006</subfield>
    <subfield code="v">bklt.4A</subfield>
    <subfield code="h">UABA-B</subfield>
    <subfield code="i">0162034486314</subfield>
  </datafield>
  <datafield tag="949" ind1=" " ind2=" ">
    <subfield code="a">FC 3659 A43 2006</subfield>
    <subfield code="v">bklt.4B</subfield>
    <subfield code="h">UABA-B</subfield>
    <subfield code="i">0162034486249</subfield>
  </datafield>
  <datafield tag="949" ind1=" " ind2=" ">
    <subfield code="a">FC 3659 A43 2006</subfield>
    <subfield code="v">bklt.5A</subfield>
    <subfield code="h">UABA-B</subfield>
    <subfield code="i">0162034486231</subfield>
  </datafield>
  <datafield tag="949" ind1=" " ind2=" ">
    <subfield code="a">FC 3659 A43 2006</subfield>
    <subfield code="v">bklt.5B</subfield>
    <subfield code="h">UABA-B</subfield>
    <subfield code="i">0162034486298</subfield>
  </datafield>
  <datafield tag="949" ind1=" " ind2=" ">
    <subfield code="a">FC 3659 A43 2006</subfield>
    <subfield code="v">mod.6</subfield>
    <subfield code="h">UABA-B</subfield>
    <subfield code="i">0162034503613</subfield>
  </datafield>
  <datafield tag="949" ind1=" " ind2=" ">
    <subfield code="a">FC 3659 A43 2006</subfield>
    <subfield code="v">bklt.6A</subfield>
    <subfield code="h">UABA-B</subfield>
    <subfield code="i">0162034503670</subfield>
  </datafield>
  <datafield tag="949" ind1=" " ind2=" ">
    <subfield code="a">FC 3659 A43 2006</subfield>
    <subfield code="v">bklt.6B</subfield>
    <subfield code="h">UABA-B</subfield>
    <subfield code="i">0162034503555</subfield>
  </datafield>
  <datafield tag="949" ind1=" " ind2=" ">
    <subfield code="a">FC 3659 A43 2006</subfield>
    <subfield code="v">bklt.7A</subfield>
    <subfield code="h">UABA-B</subfield>
    <subfield code="i">0162034503373</subfield>
  </datafield>
  <datafield tag="949" ind1=" " ind2=" ">
    <subfield code="a">FC 3659 A43 2006</subfield>
    <subfield code="v">bklt.7B</subfield>
    <subfield code="h">UABA-B</subfield>
    <subfield code="i">0162034503498</subfield>
  </datafield>
  <datafield tag="949" ind1=" " ind2=" ">
    <subfield code="a">FC 3659 A43 2006</subfield>
    <subfield code="v">bklt.8A</subfield>
    <subfield code="h">UABA-B</subfield>
    <subfield code="i">0162034503548</subfield>
  </datafield>
  <datafield tag="949" ind1=" " ind2=" ">
    <subfield code="a">FC 3659 A43 2006</subfield>
    <subfield code="v">bklt.8B</subfield>
    <subfield code="h">UABA-B</subfield>
    <subfield code="i">0162034503480</subfield>
  </datafield>
  <datafield tag="949" ind1=" " ind2=" ">
    <subfield code="a">FC 3659 A43 2006</subfield>
    <subfield code="v">mod.9</subfield>
    <subfield code="h">UABA-B</subfield>
    <subfield code="i">0162034503423</subfield>
  </datafield>
  <datafield tag="949" ind1=" " ind2=" ">
    <subfield code="a">FC 3659 A43 2006</subfield>
    <subfield code="v">bklt.9A</subfield>
    <subfield code="h">UABA-B</subfield>
    <subfield code="i">0162034503365</subfield>
  </datafield>
  <datafield tag="926" ind1=" " ind2=" ">
    <subfield code="a">UABARD</subfield>
    <subfield code="b">ON_SHELF</subfield>
    <subfield code="c">FC 3659 A43 2006 bklt.1A</subfield>
    <subfield code="d">BOOK</subfield>
    <subfield code="f">1</subfield>
  </datafield>
  <datafield tag="926" ind1=" " ind2=" ">
    <subfield code="a">UABARD</subfield>
    <subfield code="b">ON_SHELF</subfield>
    <subfield code="c">FC 3659 A43 2006 bklt.1B</subfield>
    <subfield code="d">BOOK</subfield>
    <subfield code="f">1</subfield>
  </datafield>
  <datafield tag="926" ind1=" " ind2=" ">
    <subfield code="a">UABARD</subfield>
    <subfield code="b">ON_SHELF</subfield>
    <subfield code="c">FC 3659 A43 2006 bklt.2A</subfield>
    <subfield code="d">BOOK</subfield>
    <subfield code="f">1</subfield>
  </datafield>
  <datafield tag="926" ind1=" " ind2=" ">
    <subfield code="a">UABARD</subfield>
    <subfield code="b">ON_SHELF</subfield>
    <subfield code="c">FC 3659 A43 2006 bklt.2B</subfield>
    <subfield code="d">BOOK</subfield>
    <subfield code="f">1</subfield>
  </datafield>
  <datafield tag="926" ind1=" " ind2=" ">
    <subfield code="a">UABARD</subfield>
    <subfield code="b">ON_SHELF</subfield>
    <subfield code="c">FC 3659 A43 2006 bklt.3A</subfield>
    <subfield code="d">BOOK</subfield>
    <subfield code="f">1</subfield>
  </datafield>
  <datafield tag="926" ind1=" " ind2=" ">
    <subfield code="a">UABARD</subfield>
    <subfield code="b">ON_SHELF</subfield>
    <subfield code="c">FC 3659 A43 2006 bklt.3B</subfield>
    <subfield code="d">BOOK</subfield>
    <subfield code="f">1</subfield>
  </datafield>
  <datafield tag="926" ind1=" " ind2=" ">
    <subfield code="a">UABARD</subfield>
    <subfield code="b">ON_SHELF</subfield>
    <subfield code="c">FC 3659 A43 2006 bklt.4A</subfield>
    <subfield code="d">BOOK</subfield>
    <subfield code="f">1</subfield>
  </datafield>
  <datafield tag="926" ind1=" " ind2=" ">
    <subfield code="a">UABARD</subfield>
    <subfield code="b">ON_SHELF</subfield>
    <subfield code="c">FC 3659 A43 2006 bklt.4B</subfield>
    <subfield code="d">BOOK</subfield>
    <subfield code="f">1</subfield>
  </datafield>
  <datafield tag="926" ind1=" " ind2=" ">
    <subfield code="a">UABARD</subfield>
    <subfield code="b">ON_SHELF</subfield>
    <subfield code="c">FC 3659 A43 2006 bklt.5A</subfield>
    <subfield code="d">BOOK</subfield>
    <subfield code="f">1</subfield>
  </datafield>
  <datafield tag="926" ind1=" " ind2=" ">
    <subfield code="a">UABARD</subfield>
    <subfield code="b">ON_SHELF</subfield>
    <subfield code="c">FC 3659 A43 2006 bklt.5B</subfield>
    <subfield code="d">BOOK</subfield>
    <subfield code="f">1</subfield>
  </datafield>
  <datafield tag="926" ind1=" " ind2=" ">
    <subfield code="a">UABARD</subfield>
    <subfield code="b">ON_SHELF</subfield>
    <subfield code="c">FC 3659 A43 2006 bklt.6A</subfield>
    <subfield code="d">BOOK</subfield>
    <subfield code="f">1</subfield>
  </datafield>
  <datafield tag="926" ind1=" " ind2=" ">
    <subfield code="a">UABARD</subfield>
    <subfield code="b">ON_SHELF</subfield>
    <subfield code="c">FC 3659 A43 2006 bklt.6B</subfield>
    <subfield code="d">BOOK</subfield>
    <subfield code="f">1</subfield>
  </datafield>
  <datafield tag="926" ind1=" " ind2=" ">
    <subfield code="a">UABARD</subfield>
    <subfield code="b">ON_SHELF</subfield>
    <subfield code="c">FC 3659 A43 2006 bklt.7A</subfield>
    <subfield code="d">BOOK</subfield>
    <subfield code="f">1</subfield>
  </datafield>
  <datafield tag="926" ind1=" " ind2=" ">
    <subfield code="a">UABARD</subfield>
    <subfield code="b">ON_SHELF</subfield>
    <subfield code="c">FC 3659 A43 2006 bklt.7B</subfield>
    <subfield code="d">BOOK</subfield>
    <subfield code="f">1</subfield>
  </datafield>
  <datafield tag="926" ind1=" " ind2=" ">
    <subfield code="a">UABARD</subfield>
    <subfield code="b">ON_SHELF</subfield>
    <subfield code="c">FC 3659 A43 2006 bklt.8A</subfield>
    <subfield code="d">BOOK</subfield>
    <subfield code="f">1</subfield>
  </datafield>
  <datafield tag="926" ind1=" " ind2=" ">
    <subfield code="a">UABARD</subfield>
    <subfield code="b">ON_SHELF</subfield>
    <subfield code="c">FC 3659 A43 2006 bklt.8B</subfield>
    <subfield code="d">BOOK</subfield>
    <subfield code="f">1</subfield>
  </datafield>
  <datafield tag="926" ind1=" " ind2=" ">
    <subfield code="a">UABARD</subfield>
    <subfield code="b">ON_SHELF</subfield>
    <subfield code="c">FC 3659 A43 2006 bklt.9A</subfield>
    <subfield code="d">BOOK</subfield>
    <subfield code="f">1</subfield>
  </datafield>
  <datafield tag="926" ind1=" " ind2=" ">
    <subfield code="a">UABARD</subfield>
    <subfield code="b">ON_SHELF</subfield>
    <subfield code="c">FC 3659 A43 2006 bklt.9B</subfield>
    <subfield code="d">BOOK</subfield>
    <subfield code="f">1</subfield>
  </datafield>
  <datafield tag="926" ind1=" " ind2=" ">
    <subfield code="a">UABARD</subfield>
    <subfield code="b">ON_SHELF</subfield>
    <subfield code="c">FC 3659 A43 2006 CD-ROM tch.gd.</subfield>
    <subfield code="d">MEDIA</subfield>
    <subfield code="f">1</subfield>
  </datafield>
  <datafield tag="926" ind1=" " ind2=" ">
    <subfield code="a">UABARD</subfield>
    <subfield code="b">ON_SHELF</subfield>
    <subfield code="c">FC 3659 A43 2006 mod.1</subfield>
    <subfield code="d">BOOK</subfield>
    <subfield code="f">1</subfield>
  </datafield>
  <datafield tag="926" ind1=" " ind2=" ">
    <subfield code="a">UABARD</subfield>
    <subfield code="b">ON_SHELF</subfield>
    <subfield code="c">FC 3659 A43 2006 mod.2</subfield>
    <subfield code="d">BOOK</subfield>
    <subfield code="f">1</subfield>
  </datafield>
  <datafield tag="926" ind1=" " ind2=" ">
    <subfield code="a">UABARD</subfield>
    <subfield code="b">ON_SHELF</subfield>
    <subfield code="c">FC 3659 A43 2006 mod.3</subfield>
    <subfield code="d">BOOK</subfield>
    <subfield code="f">1</subfield>
  </datafield>
  <datafield tag="926" ind1=" " ind2=" ">
    <subfield code="a">UABARD</subfield>
    <subfield code="b">ON_SHELF</subfield>
    <subfield code="c">FC 3659 A43 2006 mod.4</subfield>
    <subfield code="d">BOOK</subfield>
    <subfield code="f">1</subfield>
  </datafield>
  <datafield tag="926" ind1=" " ind2=" ">
    <subfield code="a">UABARD</subfield>
    <subfield code="b">ON_SHELF</subfield>
    <subfield code="c">FC 3659 A43 2006 mod.5</subfield>
    <subfield code="d">BOOK</subfield>
    <subfield code="f">1</subfield>
  </datafield>
  <datafield tag="926" ind1=" " ind2=" ">
    <subfield code="a">UABARD</subfield>
    <subfield code="b">ON_SHELF</subfield>
    <subfield code="c">FC 3659 A43 2006 mod.6</subfield>
    <subfield code="d">BOOK</subfield>
    <subfield code="f">1</subfield>
  </datafield>
  <datafield tag="926" ind1=" " ind2=" ">
    <subfield code="a">UABARD</subfield>
    <subfield code="b">ON_SHELF</subfield>
    <subfield code="c">FC 3659 A43 2006 mod.7</subfield>
    <subfield code="d">BOOK</subfield>
    <subfield code="f">1</subfield>
  </datafield>
  <datafield tag="926" ind1=" " ind2=" ">
    <subfield code="a">UABARD</subfield>
    <subfield code="b">ON_SHELF</subfield>
    <subfield code="c">FC 3659 A43 2006 mod.8</subfield>
    <subfield code="d">BOOK</subfield>
    <subfield code="f">1</subfield>
  </datafield>
  <datafield tag="926" ind1=" " ind2=" ">
    <subfield code="a">UABARD</subfield>
    <subfield code="b">ON_SHELF</subfield>
    <subfield code="c">FC 3659 A43 2006 mod.9</subfield>
    <subfield code="d">BOOK</subfield>
    <subfield code="f">1</subfield>
  </datafield>
</record>
